@article{x25519,
  title={Curve25519: new Diffie-Hellman speed records},
  author={Daniel J. Bernstein},
  year={2006},
}

@misc{stm32-types,
    author = {ST Microelectronics},
    title = {{STM32 Microcontrollers (MCUs)}},
    url = {https://www.st.com/en/microcontrollers-microprocessors/stm32-32-bit-arm-cortex-mcus.html},
    note = {Truy cập lần cuối 12/06/2023},
}